@book {GM,
    AUTHOR = {Gelfand, Sergei I. and Manin, Yuri I.},
     TITLE = {Methods of homological algebra},
      NOTE = {Translated from the 1988 Russian original},
 PUBLISHER = {Springer-Verlag, Berlin},
      YEAR = {1996},
     PAGES = {xviii+372},
      ISBN = {3-540-54746-0},
   MRCLASS = {18-02 (18Exx 18Gxx 55U35)},
  MRNUMBER = {1438306},
       DOI = {10.1007/978-3-662-03220-6},
       URL = {https://doi.org/10.1007/978-3-662-03220-6},
}
@book {Moer,
    AUTHOR = {Moerdijk, I.},
     TITLE = {Classifying spaces and classifying topoi},
    SERIES = {Lecture Notes in Mathematics},
    VOLUME = {1616},
 PUBLISHER = {Springer-Verlag, Berlin},
      YEAR = {1995},
     PAGES = {vi+94},
      ISBN = {3-540-60319-0},
   MRCLASS = {18B25 (55N30 55R35)},
  MRNUMBER = {1440857},
MRREVIEWER = {R. A. Piccinini},
       DOI = {10.1007/BFb0094441},
       URL = {https://doi.org/10.1007/BFb0094441},
}
@book {GJ,
    AUTHOR = {Goerss, Paul G. and Jardine, John F.},
     TITLE = {Simplicial homotopy theory},
    SERIES = {Modern Birkh\"{a}user Classics},
      NOTE = {Reprint of the 1999 edition [MR1711612]},
 PUBLISHER = {Birkh\"{a}user Verlag, Basel},
      YEAR = {2009},
     PAGES = {xvi+510},
      ISBN = {978-3-0346-0188-7},
   MRCLASS = {55U10 (18G55)},
  MRNUMBER = {2840650},
       DOI = {10.1007/978-3-0346-0189-4},
       URL = {https://doi.org/10.1007/978-3-0346-0189-4},
}
% TODO Mac Lane richtige Version finden
@book {Borceux,
    AUTHOR = {Borceux, Francis},
     TITLE = {Handbook of categorical algebra. 2},
    SERIES = {Encyclopedia of Mathematics and its Applications},
    VOLUME = {51},
      NOTE = {Categories and structures},
 PUBLISHER = {Cambridge University Press, Cambridge},
      YEAR = {1994},
     PAGES = {xviii+443},
      ISBN = {0-521-44179-X},
   MRCLASS = {18-02 (18Exx)},
  MRNUMBER = {1313497},
MRREVIEWER = {Martin Hyland},
}
@article {BBP,
    AUTHOR = {Bednarczyk, Marek A. and Borzyszkowski, Andrzej M. and
              Pawlowski, Wieslaw},
     TITLE = {Generalized congruences---epimorphisms in Cat}, % wie Cat schreiben?
   JOURNAL = {Theory Appl. Categ.},
  FJOURNAL = {Theory and Applications of Categories},
    VOLUME = {5},
      YEAR = {1999},
     PAGES = {No. 11, 266--280},
      ISSN = {1201-561X},
   MRCLASS = {18A05 (18A20 18A30 18A32 18B99)},
  MRNUMBER = {1725510},
}
@article {Vogt,
    AUTHOR = {Vogt, Rainer M.},
     TITLE = {Convenient categories of topological spaces for homotopy
              theory},
   JOURNAL = {Arch. Math. (Basel)},
  FJOURNAL = {Archiv der Mathematik},
    VOLUME = {22},
      YEAR = {1971},
     PAGES = {545--555},
      ISSN = {0003-889X},
   MRCLASS = {55D99 (54A99)},
  MRNUMBER = {0300277},
MRREVIEWER = {Joel M. Cohen},
       DOI = {10.1007/BF01222616},
       URL = {https://doi.org/10.1007/BF01222616},
}
% TODO MIT simplicial sets
@ARTICLE{Lore,
   author = {{Loregian}, F.},
    title = "{This is the (co)end, my only (co)friend}",
  journal = {ArXiv e-prints},
archivePrefix = "arXiv",
   eprint = {1501.02503},
 primaryClass = "math.CT",
 keywords = {Mathematics - Category Theory, 18A23, 18A40, 18D20},
     year = 2015,
    month = jan,
   adsurl = {http://adsabs.harvard.edu/abs/2015arXiv150102503L},
  adsnote = {Provided by the SAO/NASA Astrophysics Data System}
}
@article {Steenrod,
    AUTHOR = {Steenrod, N. E.},
     TITLE = {A convenient category of topological spaces},
   JOURNAL = {Michigan Math. J.},
  FJOURNAL = {The Michigan Mathematical Journal},
    VOLUME = {14},
      YEAR = {1967},
     PAGES = {133--152},
      ISSN = {0026-2285},
   MRCLASS = {54.22 (55.00)},
  MRNUMBER = {0210075},
MRREVIEWER = {Ronald Brown},
       URL = {http://projecteuclid.org/euclid.mmj/1028999711},
}
% TODO Gabriel-Zisman
% TODO Soergel TG, unveröffentlichtes WS
% TODO KS richtige Auflage?
@book {KS,
    AUTHOR = {Kashiwara, Masaki and Schapira, Pierre},
     TITLE = {Sheaves on manifolds},
    SERIES = {Grundlehren der Mathematischen Wissenschaften [Fundamental
              Principles of Mathematical Sciences]},
    VOLUME = {292},
      NOTE = {With a chapter in French by Christian Houzel,
              Corrected reprint of the 1990 original},
 PUBLISHER = {Springer-Verlag, Berlin},
      YEAR = {1994},
     PAGES = {x+512},
      ISBN = {3-540-51861-4},
   MRCLASS = {58G07 (18F20 32C38 35A27)},
  MRNUMBER = {1299726},
}
@misc{TG,
  Author = {Soergel, Wolfgang},
  Institution = {Universität Freiburg},
  Howpublished = {Skriptum},
  Year = {2018},
  Title = {Garbenkohomologie},
}
@book {Herrlich,
    AUTHOR = {Herrlich, Horst and Strecker, George E.},
     TITLE = {Category theory},
    SERIES = {Sigma Series in Pure Mathematics},
    VOLUME = {1},
   EDITION = {Second},
      NOTE = {An introduction},
 PUBLISHER = {Heldermann Verlag, Berlin},
      YEAR = {1979},
     PAGES = {xii+400},
      ISBN = {3-88538-001-3},
   MRCLASS = {18-01 (18-02)},
  MRNUMBER = {571016},
}